%% This BibTeX bibliography file was created using BibDesk.
%% http://bibdesk.sourceforge.net/

%% Created for Phil at 2017-01-12 09:46:43 -0500 


%% Saved with string encoding Unicode (UTF-8) 

%% added

@book{ulam1960,
  title={A collection of mathematical problems},
  author={Ulam, Stanislaw M},
  volume={8},
  year={1960},
  publisher={Interscience Publishers}
}

@article{mironDyngeo2017,
	Author = {Miron, Philippe and Beron-Vera, Francisco J. and Olascoaga, Mar\'{Ä±}a J. and  P\'{e}rez-Brunius, Paula and Sheinbaum, Julio and Froyland, Gary},
	Journal = {Preprint},
	Title = {A dynamical geography of the Gulf of Mexico},
	year={2017},
}

@article{dellnitz1997almost,
  title={Almost invariant sets in Chua's circuit},
  author={Dellnitz, Michael and Junge, Oliver},
  journal={International Journal of Bifurcation and Chaos},
  volume={7},
  number={11},
  pages={2475--2485},
  year={1997},
  publisher={World Scientific}
}

@incollection{froyland2001extracting,
  title={Extracting dynamical behavior via Markov models},
  author={Froyland, Gary},
  booktitle={Nonlinear dynamics and statistics},
  pages={281--321},
  year={2001},
  publisher={Springer}
}


@article{beardsley1987coastal,
	Author = {Beardsley, RC and Lentz, SJ},
	Date-Added = {2017-01-12 14:46:34 +0000},
	Date-Modified = {2017-01-12 14:46:34 +0000},
	Journal = {J. Geophys. Res},
	Pages = {1455--1463},
	Title = {The coastal ocean dynamics experiment collection: an introduction},
	Volume = {92},
	Year = {1987}}

@article{novelliDrift2017,
	Author = {Novelli, Guillaume and Guigand, C\'{e}dric M. and Cousin, Charles and Ryan, Edward H. and Laxague, Nathan J. M. and Dai, Hanjing, Haus, Brian K. and \"{O}zg\"{o}kmen, Tamay M.},
	Journal = {Preprint},
	Title = {A biodegradable Surface Drifter For Ocean Sampling On A Massive Scale: Design, Calibration and Application},
	Year = 2017}

@article{sturges2016mean,
	Author = {Sturges, Wilton},
	Date-Added = {2016-11-23 21:51:07 +0000},
	Date-Modified = {2016-11-23 21:51:07 +0000},
	Journal = {Journal of Physical Oceanography},
	Number = {10},
	Pages = {2915--2924},
	Title = {The Mean Upper-Layer Flow in the Central Gulf of Mexico by a New Method},
	Volume = {46},
	Year = {2016}}


%%%%%%%%%%%%%%%%%%%%%%%%%%

@article{qian2003spatial,
	Author = {Qian, Yaorong and Jochens, Ann E and Kennicutt Ii, Mahlon C and Biggs, Douglas C},
	Date-Added = {2016-11-23 21:50:29 +0000},
	Date-Modified = {2016-11-23 21:50:29 +0000},
	Journal = {Continental Shelf Research},
	Number = {1},
	Pages = {1--17},
	Publisher = {Elsevier},
	Title = {Spatial and temporal variability of phytoplankton biomass and community structure over the continental margin of the northeast Gulf of Mexico based on pigment analysis},
	Volume = {23},
	Year = {2003}}

@article{martinez2009seasonal,
	Author = {Mart{\'\i}nez-L{\'o}pez, Benjam{\'\i}n and Zavala-Hidalgo, Jorge},
	Date-Added = {2016-11-23 21:50:09 +0000},
	Date-Modified = {2016-11-23 21:50:09 +0000},
	Journal = {Journal of Marine Systems},
	Number = {1},
	Pages = {1--20},
	Publisher = {Elsevier},
	Title = {Seasonal and interannual variability of cross-shelf transports of chlorophyll in the Gulf of Mexico},
	Volume = {77},
	Year = {2009}}

@article{gonzalez2000near,
	Author = {Gonz{\'a}lez, Nelson Melo and Muller-Karger, Frank E and Estrada, S Cerdeira and De Los Reyes, R Perez and Del Rio, I Victoria and Perez, P Cardenas and Arenal, I Mitrani},
	Date-Added = {2016-11-23 21:49:49 +0000},
	Date-Modified = {2016-11-23 21:49:49 +0000},
	Journal = {Journal of Geophysical Research-Oceans},
	Number = {C6},
	Pages = {14029},
	Title = {Near-surface phytoplankton distribution in the western Intra-Americas Sea: The influence of El Nino and weather events},
	Volume = {105},
	Year = {2000}}

@article{beron2015statistics,
	Author = {Beron-Vera, Francisco J and LaCasce, JH},
	Date-Added = {2016-11-23 21:48:36 +0000},
	Date-Modified = {2016-11-23 21:48:52 +0000},
	Journal = {arXiv preprint arXiv:1505.03475},
	Title = {Statistics of simulated and observed pair separations in the Gulf of Mexico},
	Year = {2015}}

@article{maximenko2012pathways,
	Author = {Maximenko, Nikolai and Hafner, Jan and Niiler, Peter},
	Journal = {Marine Pollution Bulletin},
	Number = {1},
	Pages = {51--62},
	Publisher = {Elsevier},
	Title = {Pathways of marine debris derived from trajectories of Lagrangian drifters},
	Volume = {65},
	Year = {2012}}

@article{froyland2014well,
	Author = {Froyland, Gary and Stuart, Robyn M and van Sebille, Erik},
	Journal = {Chaos: An Interdisciplinary Journal of Nonlinear Science},
	Number = {3},
	Pages = {033126},
	Publisher = {AIP Publishing},
	Title = {How well-connected is the surface of the global ocean?},
	Volume = {24},
	Year = {2014}}

@article{tarjan1972depth,
	Author = {Tarjan, Robert},
	Journal = {SIAM journal on computing},
	Number = {2},
	Pages = {146--160},
	Publisher = {SIAM},
	Title = {Depth-first search and linear graph algorithms},
	Volume = {1},
	Year = {1972}}
